@article {BrooksSunadaMethod,
    AUTHOR = {Brooks, Robert},
     TITLE = {The {S}unada {M}ethod},
 BOOKTITLE = {Tel {A}viv {T}opology {C}onference: {R}othenberg {F}estschrift
              (1998)},
    SERIES = {Contemp. Math.},
    VOLUME = {231},
     PAGES = {25--35},
 PUBLISHER = {Amer. Math. Soc.},
   ADDRESS = {Providence, RI},
      YEAR = {1999},
   MRCLASS = {58J53},
  MRNUMBER = {1705572 (2000g:58049)},
MRREVIEWER = {Dorothee Schueth},
       DOI = {10.1090/conm/231/03350},
       URL = {http://dx.doi.org/10.1090/conm/231/03350},
}

